<record xmlns="http://www.loc.gov/MARC21/slim" xmlns:xsi="http://www.w3.org/2001/XMLSchema-instance" xsi:schemaLocation="http://www.loc.gov/MARC21/slim http://www.loc.gov/standards/marcxml/schema/MARC21slim.xsd"><leader>00037nz   2200037n  4500</leader><controlfield tag="001">DNB|119354462</controlfield><controlfield tag="003">DNB</controlfield><controlfield tag="005">20080406024620.0</controlfield><controlfield tag="008">960716n||azznnabbn           | aaa    |c</controlfield><datafield ind1=" " ind2=" " tag="035"><subfield code="a">(DE-101)119354462</subfield></datafield><datafield ind1=" " ind2=" " tag="035"><subfield code="a">(DE-588a)119354462</subfield></datafield><datafield ind1=" " ind2=" " tag="035"><subfield code="a">(DE-588c)4417586-3</subfield></datafield><datafield ind1=" " ind2=" " tag="040"><subfield code="a">DE-21</subfield><subfield code="b">ger</subfield><subfield code="c">DE-101</subfield><subfield code="e">rakwb</subfield><subfield code="d">9999</subfield></datafield><datafield ind1=" " ind2=" " tag="043"><subfield code="c">XT</subfield></datafield><datafield ind1=" " ind2="7" tag="049"><subfield code="2">iso639-2</subfield><subfield code="a">lat</subfield></datafield><datafield ind1=" " ind2=" " tag="065"><subfield code="2">sswd</subfield><subfield code="a">16.1p</subfield></datafield><datafield ind1=" " ind2=" " tag="079"><subfield code="a">p</subfield><subfield code="q">s</subfield><subfield code="q">f</subfield><subfield code="q">p</subfield><subfield code="t">12</subfield><subfield code="t">384</subfield><subfield code="t">7</subfield><subfield code="t">12-PAN</subfield></datafield><datafield ind1="1" ind2=" " tag="100"><subfield code="a">Vopiscus, Flavius</subfield><subfield code="d">fl.3./4. Jh.</subfield></datafield><datafield ind1="0" ind2=" " tag="400"><subfield code="a">Vopiscus</subfield><subfield code="c">Syracusius</subfield><subfield code="d">fl.3./4. Jh.</subfield></datafield><datafield ind1="1" ind2=" " tag="400"><subfield code="a">Vopiscus, Syracusius Flavius</subfield><subfield code="d">fl.3./4. Jh.</subfield></datafield><datafield ind1="0" ind2=" " tag="400"><subfield code="a">Vopiscus</subfield><subfield code="c">Biographus</subfield><subfield code="d">fl.3./4. Jh.</subfield></datafield><datafield ind1="0" ind2=" " tag="400"><subfield code="a">Flavius</subfield><subfield code="c">Vopiscus</subfield><subfield code="d">fl.3./4. Jh.</subfield></datafield><datafield ind1="1" ind2=" " tag="400"><subfield code="a">Syracusius, Flavius Vopiscus</subfield><subfield code="d">fl.3./4. Jh.</subfield></datafield><datafield ind1="1" ind2=" " tag="400"><subfield code="a">Vopiscus Syracusius, Flavius</subfield><subfield code="d">fl.3./4. Jh.</subfield></datafield><datafield ind1="0" ind2=" " tag="400"><subfield code="a">Vopiscus</subfield><subfield code="c">Historian</subfield><subfield code="d">fl.3./4. Jh.</subfield></datafield><datafield ind1=" " ind2=" " tag="549"><subfield code="w">i</subfield><subfield code="i">Zeit</subfield><subfield code="a">3./4. Jh.</subfield></datafield><datafield ind1=" " ind2=" " tag="549"><subfield code="w">i</subfield><subfield code="i">UDK-Zeitcode</subfield><subfield code="a">02</subfield></datafield><datafield ind1=" " ind2=" " tag="549"><subfield code="w">i</subfield><subfield code="i">UDK-Zeitcode</subfield><subfield code="a">03</subfield></datafield><datafield ind1=" " ind2=" " tag="667"><subfield code="a">TITAN</subfield></datafield><datafield ind1=" " ind2=" " tag="670"><subfield code="a">PAN</subfield></datafield><datafield ind1=" " ind2=" " tag="678"><subfield code="a">Fiktiver Verfasser einiger Biographien der Historia Augusta in theodosianischer Zeit</subfield></datafield><datafield ind1=" " ind2=" " tag="692"><subfield code="a">Vopiscus, Flavius: Das Leben des Kaisers Tacitus. - 1793</subfield></datafield><datafield ind1=" " ind2=" " tag="692"><subfield code="a">Vopiscus, Flavius: Das Leben des vergötterten Aurelius. - 1793</subfield></datafield><datafield ind1=" " ind2=" " tag="692"><subfield code="a">Vopiscus, Flavius: Das Leben des Kaisers Florian. - 1793</subfield></datafield><datafield ind1=" " ind2=" " tag="692"><subfield code="a">Vopiscus, Flavius: Das Leben des Kaisers Probus. - 1793</subfield></datafield><datafield ind1=" " ind2=" " tag="692"><subfield code="a">Vopiscus, Flavius: Des Flavius Vopiscus aus Syracus Lebensbeschreibungen des Firmus, Sa*. - 1793</subfield></datafield><datafield ind1=" " ind2=" " tag="692"><subfield code="a">Vopiscus, Flavius: Biographien des Carus, Numerianus und Carinus. - 1793</subfield></datafield><datafield ind1=" " ind2=" " tag="692"><subfield code="a">Spartianus, Aelius: Historiae Augustae Scriptores VI. - 1620</subfield></datafield><datafield ind1=" " ind2=" " tag="692"><subfield code="a">Spartianus, Aelius: Aelius Spartianus, Iulius Capitolinus, Lampridius, Flavius Vopiscus, *</subfield></datafield><datafield ind1=" " ind2=" " tag="692"><subfield code="a">Spartianus, Aelius: Aelius Spartianus, Iul. Capitolinus, Lampridius, Flavius Vopiscus, Tr*</subfield></datafield><datafield ind1=" " ind2=" " tag="692"><subfield code="a">Vopiscus, Flavius: Flavius Vopiscus. - 1544</subfield></datafield><datafield ind1=" " ind2=" " tag="910"><subfield code="a">biographien des carus numerianus und carinus</subfield><subfield code="9">1</subfield></datafield><datafield ind1=" " ind2=" " tag="910"><subfield code="a">das leben des kaisers florian</subfield><subfield code="9">1</subfield></datafield><datafield ind1=" " ind2=" " tag="910"><subfield code="a">aelius spartianus iulius capitolinus lampridius flavius vopiscus</subfield><subfield code="9">1</subfield></datafield><datafield ind1=" " ind2=" " tag="910"><subfield code="a">das leben des kaisers probus</subfield><subfield code="9">1</subfield></datafield><datafield ind1=" " ind2=" " tag="910"><subfield code="a">das leben des kaisers tacitus</subfield><subfield code="9">1</subfield></datafield><datafield ind1=" " ind2=" " tag="910"><subfield code="a">des flavius vopiscus aus syracus lebensbeschreibungen des firmus sa</subfield><subfield code="9">1</subfield></datafield><datafield ind1=" " ind2=" " tag="910"><subfield code="a">flavius vopiscus</subfield><subfield code="9">1</subfield></datafield><datafield ind1=" " ind2=" " tag="910"><subfield code="a">das leben des vergotterten aurelius</subfield><subfield code="9">1</subfield></datafield><datafield ind1=" " ind2=" " tag="910"><subfield code="a">historiae augustae scriptores vi</subfield><subfield code="9">1</subfield></datafield><datafield ind1=" " ind2=" " tag="910"><subfield code="a">aelius spartianus iul capitolinus lampridius flavius vopiscus tr</subfield><subfield code="9">1</subfield></datafield><datafield ind1=" " ind2=" " tag="943"><subfield code="a">154x</subfield><subfield code="9">1</subfield></datafield><datafield ind1=" " ind2=" " tag="943"><subfield code="a">162x</subfield><subfield code="9">1</subfield></datafield><datafield ind1=" " ind2=" " tag="943"><subfield code="a">179x</subfield><subfield code="9">1</subfield></datafield><datafield ind1=" " ind2=" " tag="950"><subfield code="a">spartianus aelius</subfield><subfield code="9">1</subfield></datafield><datafield ind1=" " ind2=" " tag="996"><subfield code="2">SWNL|vtls003068142</subfield></datafield><datafield ind1=" " ind2=" " tag="996"><subfield code="2">PICA|119770792</subfield></datafield><datafield ind1=" " ind2=" " tag="996"><subfield code="2">BAV|ADV10947584</subfield></datafield><datafield ind1=" " ind2=" " tag="996"><subfield code="2">BNF|13184023</subfield></datafield><datafield ind1=" " ind2=" " tag="996"><subfield code="2">PICA|080400043</subfield></datafield><datafield ind1=" " ind2=" " tag="996"><subfield code="2">BAV|ADV11988713</subfield></datafield><datafield ind1=" " ind2=" " tag="996"><subfield code="2">NKC|js20020116006</subfield></datafield><datafield ind1=" " ind2=" " tag="997"><subfield code="a">200 300 flourished</subfield><subfield code="9">1</subfield></datafield><datafield ind1=" " ind2=" " tag="998"><subfield code="a">Vopiscus, Flavius,</subfield><subfield code="d">ca 300 e.Kr.</subfield><subfield code="2">SELIBR|281973</subfield><subfield code="3">title: (1.00, " historiae augustae scriptores vi ", " historiae augustae scriptores vi ")</subfield></datafield><datafield ind1=" " ind2=" " tag="998"><subfield code="a">Flavius Vopiscus</subfield><subfield code="2">J9Ulat|000196333</subfield><subfield code="3">title: (0.93, " historiae augustae scriptores vi ", " scriptores historiae augustae ")</subfield></datafield></record>